<record><leader>00000cas a22000007a 4500</leader><controlfield tag="001">10351257</controlfield><controlfield tag="008">840128d19161947njuwr ne      0    0eng d</controlfield><datafield ind1=" " ind2=" " tag="010"><subfield code="a">sn 84026230 </subfield></datafield><datafield ind1=" " ind2=" " tag="040"><subfield code="a">NPU</subfield><subfield code="b">eng</subfield><subfield code="c">NPU</subfield><subfield code="d">NPA</subfield><subfield code="d">NJW</subfield><subfield code="d">OCLCQ</subfield></datafield><datafield ind1=" " ind2=" " tag="042"><subfield code="a">msc</subfield></datafield><datafield ind1="0" ind2=" " tag="130"><subfield code="a">Spectator (Roselle, N.J.)</subfield></datafield><datafield ind1="1" ind2="4" tag="245"><subfield code="a">The spectator.</subfield></datafield><datafield ind1=" " ind2=" " tag="260"><subfield code="a">Roselle, N.J. :</subfield><subfield code="b">[s.n.]</subfield></datafield><datafield ind1=" " ind2=" " tag="300"><subfield code="a">v. :</subfield><subfield code="b">ill. ;</subfield><subfield code="c">57 cm.</subfield></datafield><datafield ind1=" " ind2=" " tag="310"><subfield code="a">Weekly</subfield></datafield><datafield ind1="1" ind2=" " tag="362"><subfield code="a">Began with Apr. 14, 1916 issue.</subfield></datafield><datafield ind1=" " ind2=" " tag="500"><subfield code="a">Issue for June 7, 1935 called: Roselle's fortieth anniversary edition.</subfield></datafield><datafield ind1=" " ind2=" " tag="500"><subfield code="a">Place of publication given as: Roselle-Roselle Park, N.J.</subfield></datafield><datafield ind1=" " ind2=" " tag="500"><subfield code="a">Publishers: Grover C. Kempson, &lt;Sept. 27, 1945&gt;-Mar. 13, 1947; David Kurtz, Mar. 20, 1947; Twin Boro Pub. Co., &lt;Mar. 27, 1947&gt;.</subfield></datafield><datafield ind1=" " ind2=" " tag="588"><subfield code="a">Description based on: June 7, 1935.</subfield></datafield><datafield ind1=" " ind2=" " tag="752"><subfield code="a">United States</subfield><subfield code="b">New Jersey</subfield><subfield code="c">Union</subfield><subfield code="d">Roselle.</subfield></datafield><datafield ind1=" " ind2=" " tag="752"><subfield code="a">United States</subfield><subfield code="b">New Jersey</subfield><subfield code="c">Union</subfield><subfield code="d">Roselle Park.</subfield></datafield><datafield ind1="0" ind2="7" tag="785"><subfield code="t">Home news of Roselle and Roselle Park</subfield><subfield code="w">(DLC)sn 85035736</subfield><subfield code="w">(OCoLC)13039625</subfield></datafield><datafield ind1="0" ind2="7" tag="785"><subfield code="t">Spectator and home news of Roselle and Roselle Park</subfield><subfield code="w">(DLC)sn 85035851</subfield><subfield code="w">(OCoLC)12536234</subfield></datafield></record>